<?xml version="1.0" encoding="UTF-8"?>
<record xmlns="http://www.loc.gov/MARC21/slim">
   <leader>00795cam a2200217 a 4500</leader>
   <controlfield tag="001">388766</controlfield>
   <controlfield tag="003">NjP</controlfield>
   <controlfield tag="005">20170605130922.0</controlfield>
   <controlfield tag="008">870803s1925    ua a          00010 ara d</controlfield>
   <datafield tag="024" ind1="7" ind2=" ">
      <subfield code="a">princeton_aco004468</subfield>
      <subfield code="2">local</subfield>
   </datafield>
   <datafield ind1=" " ind2=" " tag="035">
      <subfield code="a">(OCoLC)22315611</subfield>
   </datafield>
   <datafield ind1=" " ind2=" " tag="035">
      <subfield code="a">(CStRLIN)NJPG87-B36851</subfield>
   </datafield>
   <datafield ind1=" " ind2=" " tag="035">
      <subfield code="9">ABW4232TS</subfield>
   </datafield>
   <datafield ind1=" " ind2=" " tag="040">
      <subfield code="a">NjP</subfield>
      <subfield code="c">NjP</subfield>
   </datafield>
   <datafield ind1="1" ind2=" " tag="100">
      <subfield code="a">ʻAwaḍ, Jirjis Fīlūthāʾus,</subfield>
      <subfield code="d">b. 1867.</subfield>
   </datafield>
   <datafield ind1="1" ind2="3" tag="245">
      <subfield code="a">al-Shiṭranj :</subfield>
      <subfield code="b">fī juzʾayn /</subfield>
      <subfield code="c">bi-qalam Jirjis Fīlūthāwus ʻAwaṣ.</subfield>
   </datafield>
   <datafield ind1=" " ind2=" " tag="260">
      <subfield code="a">al-Qāhirah :</subfield>
      <subfield code="b">al-Maṭbaʻah al-Miṣrīyah al-Ahlīyah,</subfield>
      <subfield code="c">1925.</subfield>
   </datafield>
   <datafield ind1=" " ind2=" " tag="300">
      <subfield code="a">296 p. :</subfield>
      <subfield code="b">ill. ;</subfield>
      <subfield code="c">15 cm.</subfield>
   </datafield>
   <datafield ind1=" " ind2="0" tag="440">
      <subfield code="a">Fukāhat al-fikr ;</subfield>
      <subfield code="v">al-kitāb 1</subfield>
   </datafield>
   <datafield ind1=" " ind2="0" tag="650">
      <subfield code="a">Chess.</subfield>
      <subfield code="0">http://id.loc.gov/authorities/subjects/sh85023121</subfield>
   </datafield>
   <datafield ind1=" " ind2=" " tag="998">
      <subfield code="a">11/13/91</subfield>
      <subfield code="s">9118</subfield>
      <subfield code="n">NjP</subfield>
      <subfield code="w">NJPG87B36851</subfield>
      <subfield code="d">08/03/87</subfield>
      <subfield code="c">DGH</subfield>
      <subfield code="b">JEB</subfield>
      <subfield code="i">911113</subfield>
      <subfield code="l">NJPG</subfield>
   </datafield>
   <datafield ind1=" " ind2=" " tag="911">
      <subfield code="a">19921028</subfield>
   </datafield>
   <datafield ind1=" " ind2=" " tag="912">
      <subfield code="a">19911113000000.0</subfield>
   </datafield>
   <datafield ind1="0" ind2="0" tag="852">
      <subfield code="0">424270</subfield>
      <subfield code="b">rcppa</subfield>
      <subfield code="t">1</subfield>
      <subfield code="h">GV1318</subfield>
      <subfield code="i">.A82s</subfield>
      <subfield code="x">tr fr arab</subfield>
   </datafield>
   <datafield ind1=" " ind2=" " tag="959">
      <subfield code="a">2000-06-13 00:00:00 -0500</subfield>
   </datafield>
</record>
